@article{Angrist2009effects,
  author = {Angrist, Joshua and Lavy, Victor},
  title = {The effects of high stakes high school achievement awards: Evidence from a randomized trial},
  journal = {American Economic Review},
  volume = {99},
  number = {4},
  year = {2009},
  pages = {1384--1414},
  doi = {10.1257/aer.99.4.1384},
  url = {https://www.aeaweb.org/articles?id=10.1257/aer.99.4.1384}
}

@article{tipton2015small,
	title = {Small-sample adjustments for tests of moderators and model fit using robust variance estimation in meta-regression},
	volume = {40},
	url = {http://journals.sagepub.com/doi/10.3102/1076998615606099},
	doi = {10.3102/1076998615606099},
	number = {6},
	journal = {Journal of Educational and Behavioral Statistics},
	author = {Tipton, Elizabeth and Pustejovsky, James E.},
	year = {2015},
	pages = {604--634},
}

@article{tipton2015meta,
  title={Small sample adjustments for robust variance estimation with meta-regression.},
  author={Tipton, Elizabeth},
  journal={Psychological methods},
  volume={20},
  number={3},
  pages={375},
  year={2015},
  publisher={American Psychological Association}
}

@article{pustejovsky2018small,
	title = {Small-{Sample} {Methods} for {Cluster}-{Robust} {Variance} {Estimation} and {Hypothesis} {Testing} in {Fixed} {Effects} {Models}},
	volume = {36},
	url = {https://www.tandfonline.com/doi/full/10.1080/07350015.2016.1247004},
	doi = {10.1080/07350015.2016.1247004},
	number = {4},
	journal = {Journal of Business \& Economic Statistics},
	author = {Pustejovsky, James E. and Tipton, Elizabeth},
	year = {2018},
	pages = {672--683},
}

@inproceedings{mccaffrey2001generalizations,
  title={Generalizations of biased reduced linearization},
  author={McCaffrey, Daniel F and Bell, Robert M and Botts, Carsten H},
  booktitle={Proceedings of the Annual Meeting of the American Statistical Association},
  number={1994},
  pages={673},
  year={2001}
}

@article{bell2002bias,
  title={Bias reduction in standard errors for linear regression with multi-stage samples},
  author={Bell, Robert M and McCaffrey, Daniel F},
  journal={Survey Methodology},
  volume={28},
  number={2},
  pages={169--182},
  year={2002}
}

