@misc{Achilles2008tennessee,
author = {Achilles, C M and Bain, Helen Pate and Bellott, Fred and Boyd-Zaharias, Jayne and Finn, Jeremy and Folger, John and Johnston, John and Word, Elizabeth},
chapter = {2008-10-08},
doi = {hdl/1902.1/10766},
publisher = {Harvard Dataverse},
title = {{Tennessee's Student Teacher Achievement Ratio (STAR) project}},
url = {http://hdl.handle.net/1902.1/10766},
year = {2008}
}

@book{Angrist2009mostly,
address = {Princeton, NJ},
author = {Angrist, Joshua D and Pischke, JS},
publisher = {Princeton University Press},
title = {{Mostly harmless econometrics: An empiricist's companion}},
year = {2009}
}

@article{Angrist2009effects,
author = {Angrist, Joshua D and Lavy, Victor},
doi = {10.1257/aer.99.4.1384},
journal = {American Economic Review},
number = {4},
pages = {1384--1414},
title = {{The effects of high stakes high school achievement awards : Evidence from a randomized trial}},
volume = {99},
year = {2009}
}

@book{Angrist2014mastering,
  title={Mastering'metrics: The Path from Cause to Effect},
  author={Angrist, Joshua D and Pischke, J{\"o}rn-Steffen},
  year={2014},
  publisher={Princeton University Press}
}

@article{Arellano1987computing,
author = {Arellano, Manuel},
journal = {Oxford Bulletin of Economics and Statistics},
number = {4},
pages = {431--434},
title = {{Computing robust standard errors for within-groups estimators}},
volume = {49},
year = {1987}
}


@article{Arellano1993on,
author = {Arellano, Manuel},
doi = {10.1016/0304-4076(93)90040-C},
isbn = {0304-4076},
issn = {03044076},
journal = {Journal of Econometrics},
number = {1-2},
pages = {87--97},
title = {{On the testing of correlated effects with panel data}},
volume = {59},
year = {1993}
}

@book{Banerjee2014linear,
address = {Boca Raton, FL},
author = {Banerjee, Sudipto and Roy, Anindya},
isbn = {9781482248241},
publisher = {Taylor \& Francis},
title = {{Linear Algebra and Matrix Analysis for Statistics}},
year = {2014}
}

@article{Bell2002bias,
author = {Bell, Robert M and McCaffrey, Daniel F},
journal = {Survey Methodology},
number = {2},
pages = {169--181},
title = {{Bias reduction in standard errors for linear regression with multi-stage samples}},
volume = {28},
year = {2002}
}

@article{Bertrand2004how,
author = {Bertrand, Marianne and Duflo, Esther and Mullainathan, Sendhil},
journal = {Quarterly Journal of Economics},
number = {1},
pages = {249--275},
title = {{How much should we trust differences-in-differences estimates?}},
volume = {119},
year = {2004}
}


@unpublished{Brewer2013inference,
address = {Bonn, Germany},
author = {Brewer, Mike and Crossley, Thomas F and Joyce, Robert},
institution = {IZA},
keywords = {cluster robust,difference in diferences,feasible GLS,hypothesis test,power},
number = {7742},
title = {{Inference with difference-in-differences revisited}},
year = {2013}
}

@article{Cai2008new,
author = {Cai, Li and Hayes, Andrew F},
doi = {10.3102/1076998607302628},
journal = {Journal of Educational and Behavioral Statistics},
number = {1},
pages = {21--40},
title = {{A new test of linear hypotheses in OLS regression under heteroscedasticity of unknown form}},
volume = {33},
year = {2008}
}


@article{Cameron2008bootstrap,
author = {Cameron, A Colin and Gelbach, Jonah B and Miller, Douglas},
journal = {The Review of Economics and Statistics},
number = {3},
pages = {414--427},
title = {{Bootstrap-based improvements for inference with clustered errors}},
volume = {90},
year = {2008}
}

@article{Cameron2011robust,
author = {Cameron, A Colin and Gelbach, Jonah B and Miller, Douglas L},
doi = {10.1198/jbes.2010.07136},
journal = {Journal of Business {\&} Economic Statistics},
number = {2},
pages = {238--249},
title = {{Robust inference with multiway clustering}},
volume = {29},
year = {2011}
}

@article{Cameron2015practitioners,
author = {Cameron, A Colin and Miller, Douglas L},
doi = {10.3368/jhr.50.2.317},
journal = {Journal of Human Resources},
number = {2},
pages = {317--372},
title = {{A Practitioner's Guide to Cluster-Robust Inference}},
volume = {50},
year = {2015}
}

@article{Carpenter2011minimum,
author = {Carpenter, Christopher and Dobkin, Carlos},
doi = {10.1257/jep.25.2.133},
journal = {Journal of Economic Perspectives},
number = {2},
pages = {133--156},
title = {{The minimum legal drinking age and public health}},
volume = {25},
year = {2011}
}

@unpublished{Carter2013asymptotic,
author = {Carter, Andrew V and Schnepel, Kevin T and Steigerwald, Douglas G},
pages = {1--32},
title = {{Asymptotic Behavior of a t Test Robust to Cluster Heterogeneity}},
year = {2013}
}

@article{Chetty2011how,
author = {Chetty, R and Friedman, John N and Hilger, N and Saez, E and Schanzenbach, D W and Yagan, D},
doi = {10.1093/qje/qjr041},
journal = {The Quarterly Journal of Economics},
number = {4},
pages = {1593--1660},
title = {{How does your kindergarten classroom affect your earnings? Evidence from Project STAR}},
volume = {126},
year = {2011}
}


@article{cline1979rank,
	title = {The rank of a difference of matrices and associated generalized inverses},
	volume = {24},
	issn = {00243795},
	url = {https://linkinghub.elsevier.com/retrieve/pii/0024379579901587},
	doi = {10.1016/0024-3795(79)90158-7},
	pages = {185--215},
	journaltitle = {Linear Algebra and its Applications},
	author = {Cline, RE and Funderlic, RE},
	urldate = {2022-10-06},
	date = {1979-04},
	langid = {english},
}

@article{Conley2011inference,
author = {Conley, Timothy G and Taber, Christopher R},
journal = {Review of Economics and Statistics},
number = {1},
pages = {113--125},
title = {{Inference with “Difference in Differences” with a Small Number of Policy Changes}},
volume = {93},
year = {2011}
}

@article{Davis2002estimating,
author = {Davis, Peter},
doi = {10.1016/S0304-4076(01)00087-2},
journal = {Journal of Econometrics},
pages = {67--95},
title = {{Estimating multi-way error components models with unbalanced data structures}},
volume = {106},
year = {2002}
}

@article{Donald2007inference,
author = {Donald, Stephen G and Lang, Kevin},
doi = {10.1162/rest.89.2.221},
journal = {Review of Economics and Statistics},
number = {2},
pages = {221--233},
title = {{Inference with difference-in-differences and other panel data}},
volume = {89},
year = {2007}
}

@incollection{eicker1967limit,
author = {Eicker, Friedhelm},
booktitle = {Proceedings of the Berkeley Symposium on Mathematical Statistics and Probability},
pages = {59--82},
title = {{Limit theorems for regressions with unequal and dependent errors}},
volume = {1},
year = {1967}
}

@article{Fai1996approximate,
author = {Fai, Alex. Hrong-Tai and Cornelius, PL},
journal = {Journal of Statistical Computation and Simulation},
number = {4},
pages = {363--378},
title = {{Approximate F-tests of multiple degree of freedom hypotheses in generalized least squares analyses of unbalanced split-plot experiments}},
volume = {54},
year = {1996}
}


@article{Hansen2007asymptotic,
author = {Hansen, Christian B},
doi = {10.1016/j.jeconom.2006.10.009},
journal = {Journal of Econometrics},
keywords = {autocorrelation,covariance matrix,heteroskedasticity,panel,robust},
pages = {597--620},
title = {{Asymptotic properties of a robust variance matrix estimator for panel data when T is large}},
volume = {141},
year = {2007}
}

@article{Henderson1981on,
author = {Henderson, H V and Searle, S R},
journal = {Siam Review},
number = {1},
pages = {53--60},
title = {{On deriving the inverse of a sum of matrices}},
volume = {23},
year = {1981}
}

@inproceedings{Huber1967behavior,
address = {Berkeley, CA},
author = {Huber, Peter J},
booktitle = {Proceedings of the fifth Berkeley symposium on Mathematical Statistics and Probability},
isbn = {0097-0433},
issn = {18660452},
pages = {221--233},
pmid = {21904588},
publisher = {University of California Press},
title = {{The behavior of maximum likelihood estimates under nonstandard conditions}},
year = {1967}
}


@article{Ibragimov2010tstatistic,
author = {Ibragimov, Rustam and M\"{u}ller, Ulrich K},
doi = {10.1198/jbes.2009.08046},
issn = {0735-0015},
journal = {Journal of Business \& Economic Statistics},
keywords = {dependence,fama,least favorable distribution,macbeth method,t -test,variance es-},
number = {4},
pages = {453--468},
title = {{t-Statistic based correlation and heterogeneity robust inference}},
volume = {28},
year = {2010}
}

@article{Ibragimov2016inference,
author = {Ibragimov, Rustam and M{\"{u}}ller, Ulrich K},
doi = {10.1162/REST_a_00545},
journal = {Review of Economics and Statistics},
number = {1},
pages = {83--96},
title = {{Inference with few heterogeneous clusters}},
volume = {98},
year = {2016}
}

@article{Imbens2015robust,
author = {Imbens, Guido W and Kolesar, Michal},
title = {{Robust Standard Errors in Small Samples: Some Practical Advice}},
year = {2016},
journal = {Review of Economics and Statistics},
volume = {forthcoming}
}

@unpublished{Kezdi2004robust,
author = {Kezdi, G},
booktitle = {Hungarian Statistical Review},
title = {{Robust standard error estimation in fixed-effects panel models}},
url = {http://papers.ssrn.com/sol3/Delivery.cfm?abstractid=596988},
year = {2004}
}

@article{Krishnamoorthy2004modified,
author = {Krishnamoorthy, K and Yu, Jianqi},
doi = {10.1016/j.spl.2003.10.012},
isbn = {1337482528},
issn = {01677152},
journal = {Statistics {\&} Probability Letters},
number = {2},
pages = {161--169},
title = {{Modified Nel and Van der Merwe test for the multivariate Behrens–Fisher problem}},
volume = {66},
year = {2004}
}

@article{Krueger2001effect,
author = {Krueger, A B and Whitmore, D M},
journal = {The Economic Journal},
number = {468},
pages = {1--28},
title = {{The effect of attending a small class in the early grades on college-test taking and middle school test results: Evidence from Project STAR}},
volume = {111},
year = {2001}
}

@article{Lee2008regression,
author = {Lee, David S and Card, David},
doi = {10.1016/j.jeconom.2007.05.003},
journal = {Journal of Econometrics},
number = {2},
pages = {655--674},
title = {{Regression discontinuity inference with specification error}},
volume = {142},
year = {2008}
}

@article{Liang1986longitudinal,
author = {Liang, Kung-Yee and Zeger, Scott L},
journal = {Biometrika},
number = {1},
pages = {13--22},
title = {{Longitudinal data analysis using generalized linear models}},
volume = {73},
year = {1986}
}

@article{MacKinnon1985some,
author = {MacKinnon, James G and White, Halbert},
journal = {Journal of Econometrics},
pages = {305--325},
title = {{Some heteroskedasticity-consistent covariance matrix estimators with improved finite sample properties}},
volume = {29},
year = {1985}
}

@incollection{MacKinnon2013thirty,
address = {New York, NY},
author = {MacKinnon, James G},
booktitle = {Recent Advances and Future Directions in Causality, Prediction, and Specification Analysis},
doi = {10.1007/978-1-4614-1653-1},
editor = {Chen, Xiaohong and Swanson, Norman R.},
publisher = {Springer New York},
title = {{Thirty years of heteroskedasticity-robust inference}},
year = {2013}
}

@article{Mackinnon2015wildCIs,
author = {MacKinnon, James G},
journal = {L'Actualite economique, Revue d'analyse economique},
number = {1-2},
pages = {11--33},
title = {{Wild cluster bootstrap confidence intervals}},
volume = {91},
year = {2015}
}

@article{MacKinnon2016wild,
author = {MacKinnon, James G and Webb, Matthew D},
doi = {10.1002/jae.2508},
journal = {Journal of Applied Econometrics},
title = {{Wild bootstrap inference for wildly different cluster sizes}},
year = {2016},
volume = {forthcoming}
}

@unpublished{Mackinnon2016inference,
address = {Kingston, Ontario, Canada},
author = {MacKinnon, James G},
institution = {Department of Economics Queen's University},
series = {Queen's Economics Department Working Paper},
title = {{Inference with large clustered datasets}},
url = {http://qed.econ.queensu.ca/working{\_}papers/papers/qed{\_}wp{\_}1365.pdf},
year = {2016}
}

@article{Mancl2001covariance,
author = {Mancl, Lloyd A and DeRouen, Timothy A},
journal = {Biometrics},
number = {1},
pages = {126--134},
title = {{A covariance estimator for GEE with improved small-sample properties}},
volume = {57},
year = {2001}
}

@book{mathai1992quadratic,
author = {Mathai, A M and Provost, S B},
isbn = {0824786912},
publisher = {M. Dekker, New York},
title = {{Quadratic forms in random variables: theory and applications}},
year = {1992}
}


@inproceedings{McCaffrey2001generalizations,
author = {McCaffrey, Daniel F and Bell, Robert M and Botts, Carsten H},
booktitle = {Proceedings of the Annual Meeting of the American Statistical Association},
number = {1994},
title = {{Generalizations of biased reduced linearization}},
year = {2001}
}

@article{McCaffrey2006improved,
author = {McCaffrey, Daniel F and Bell, Robert M},
doi = {10.1002/sim.2502},
issn = {0277-6715},
journal = {Statistics in medicine},
keywords = {Cluster Analysis,Computer Simulation,Data Interpretation,Humans,Linear Models,Statistical},
number = {23},
pages = {4081--98},
pmid = {16456895},
title = {{Improved hypothesis testing for coefficients in generalized estimating equations with small samples of clusters.}},
volume = {25},
year = {2006}
}

@article{Mehrotra1997improving,
author = {Mehrotra, Devan V},
doi = {10.1080/03610919708813431},
journal = {Communications in Statistics - Simulation and Computation},
number = {3},
pages = {1139--1145},
title = {{Improving the brown-forsythe solution to the generalized behrens-fisher problem}},
volume = {26},
year = {1997}
}

@article{Nel1986solution,
author = {Nel, D G and van der Merwe, C A},
journal = {Communications in Statistics - Theory and Methods},
number = {12},
pages = {3719--3735},
title = {{A solution to the multivariate Behrens-Fisher problem}},
volume = {15},
year = {1986}
}

@article{Pan2002small,
author = {Pan, Wei and Wall, Melanie M},
doi = {10.1002/sim.1142},
issn = {0277-6715},
journal = {Statistics in medicine},
number = {10},
pages = {1429--41},
pmid = {12185894},
title = {{Small-sample adjustments in using the sandwich variance estimator in generalized estimating equations.}},
volume = {21},
year = {2002}
}


@article{pustejovsky2018small,
	title = {Small-Sample Methods for Cluster-Robust Variance Estimation and Hypothesis Testing in Fixed Effects Models},
	volume = {36},
	issn = {0735-0015, 1537-2707},
	doi = {10.1080/07350015.2016.1247004},
	pages = {672--683},
	number = {4},
	journaltitle = {Journal of Business \& Economic Statistics},
	author = {Pustejovsky, James E and Tipton, Elizabeth},
	urldate = {2018-11-30},
	date = {2018-10-02},
	langid = {english}
}

@book{rao1971generalized,
address = {New York, NY},
author = {Rao, C. Radhakrishna and Mitra, Sujit Kumar},
publisher = {John Wiley \& Sons},
title = {{Generalized Inverse of Matrices and its Applications}},
year = {1971}
}

@article{Satterthwaite1946approximate,
author = {Satterthwaite, Franklin E},
journal = {Biometrics bulletin},
number = {6},
pages = {110--114},
title = {{An approximate distribution of estimates of variance components}},
volume = {2},
year = {1946}
}

@book{Searle2006matrix,
address = {Hoboken, NJ},
author = {Searle, S R},
edition = {John Wiley},
title = {{Matrix Algebra Useful for Statistics}},
year = {2006}
}

@article{Schanzenbach2006what,
author = {Schanzenbach, Diane Whitmore},
doi = {10.1353/pep.2007.0007},
journal = {Brookings Papers on Education Policy},
number = {1},
pages = {205--228},
title = {{What have researchers learned from Project STAR?}},
volume = {2006},
year = {2006}
}

@article{Somaini2016algorithm,
author = {Somaini, Paulo and Wolak, Frank A},
doi = {10.1515/jem-2014-0008},
journal = {Journal of Econometric Methods},
number = {1},
pages = {143--152},
title = {{An algorithm to estimate the two-way fixed effects model}},
volume = {5},
year = {2016}
}

@article{Tipton2015small-F,
author = {Tipton, Elizabeth and Pustejovsky, James E},
journal = {Journal of Educational and Behavioral Statistics},
number = {6},
pages = {604--634},
title = {{Small-sample adjustments for tests of moderators and model fit using robust variance estimation in meta-regression}},
volume = {40},
year = {2015}
}

@article{Tipton2015small-t,
author = {Tipton, Elizabeth},
doi = {10.1037/met0000011},
journal = {Psychological Methods},
number = {3},
pages = {375--393},
title = {{Small sample adjustments for robust variance estimation with meta-regression.}},
volume = {20},
year = {2015}
}

@article{White1980heteroskedasticity,
author = {White, Halbert},
journal = {Econometrica},
number = {4},
pages = {817--838},
title = {{A heteroskedasticity-consistent covariance matrix estimator and a direct test for heteroskedasticity}},
volume = {48},
year = {1980}
}

@book{white1984asymptotic,
  address = {Orlando, FL},
  title={Asymptotic theory for econometricians},
  author={White, Halbert},
  year={1984},
  publisher={Academic Press, Inc.}
}

@book{Wooldridge2002econometric,
address = {Cambridge, MA},
author = {Wooldridge, Jeffrey M},
publisher = {MIT Press},
title = {{Econometric Analysis of Cross Section and Panel Data}},
year = {2002}
}

@article{Wooldridge2003cluster,
author = {Wooldridge, Jeffrey M},
journal = {The American Economic Review},
number = {2},
pages = {133--138},
title = {{Cluster-sample methods in applied econometrics}},
volume = {93},
year = {2003}
}

@book{Wooldridge2010econometric,
address = {Cambridge, MA},
author = {Wooldridge, Jeffrey M},
edition = {2nd},
publisher = {MIT Press},
title = {{Econometric Analysis of Cross Section and Panel Data}},
year = {2010}
}

@unpublished{Young2016improved,
author = {Young, Alwyn},
institution = {London School of Economics},
title = {{Improved, nearly exact, statistical inference with robust and clustered covariance matrices using effective degrees of freedom corrections}},
year = {2016},
url = {http://personal.lse.ac.uk/YoungA/Improved.pdf}
}


@article{Zhang2012MANOVA,
author = {Zhang, Jin-Ting},
journal = {Open Journal of Statistics},
pages = {1--11},
title = {{An approximate Hotelling T2 -test for heteroscedastic one-way MANOVA}},
volume = {2},
year = {2012}
}

@article{Zhang2012twowayANOVA,
author = {Zhang, Jin-Ting},
doi = {10.1016/j.jspi.2011.07.023},
issn = {03783758},
journal = {Journal of Statistical Planning and Inference},
number = {1},
pages = {336--346},
publisher = {Elsevier},
title = {{An approximate degrees of freedom test for heteroscedastic two-way ANOVA}},
volume = {142},
year = {2012}
}

@article{Zhang2013tests,
author = {Zhang, Jin-Ting},
journal = {International Journal of Advanced Statistics and Probability},
number = {2},
pages = {9--24},
title = {{Tests of linear hypotheses in the ANOVA under heteroscedasticity}},
volume = {1},
year = {2013}
}

